@inproceedings{FARM2015,
  author    = {Paul Hudak and
               Donya Quick and
               Mark Santolucito and
               Daniel Winograd{-}Cort},
  title     = {Real-time interactive music in Haskell},
  booktitle = {Proceedings of the 3rd {ACM} {SIGPLAN} International Workshop on Functional
               Art, Music, Modelling and Design, FARM@ICFP 2015, Vancouver, BC, Canada,
               September 5, 2015},
  pages     = {15--16},
  year      = {2015},
  url       = {http://doi.acm.org/10.1145/2808083.2808087},
  timestamp = {Tue, 15 Dec 2015 17:41:56 +0100},
  biburl    = {http://dblp2.uni-trier.de/rec/bib/conf/icfp/HudakQSW15},
  bibsource = {dblp computer science bibliography, http://dblp.org}
}

@inproceedings{ICMC2015,
  author    = {Mark Santolucito and
               Donya Quick and
               Paul Hudak},
  title     = {Media Modules: Intermedia Systems in a Pure Functional Paradigm},
  booktitle = {41st International
               Computer Music Conference, {ICMC} 2015, Denton, TX, USA, September
               25 - October 1, 2015},
  year      = {2015},
  url       = {http://hdl.handle.net/2027/spo.bbp2372.2015.077},
  timestamp = {Thu, 28 Jan 2016 16:06:04 +0100},
  biburl    = {http://dblp2.uni-trier.de/rec/bib/conf/icmc/SantolucitoQH15},
  bibsource = {dblp computer science bibliography, http://dblp.org}
}


@inproceedings{GLSArt,
  author    = {Mark Santolucito},
  title     = {Instamirror},
  booktitle = {Game Learning and Society, GLS 9.0},
  year      = {2013},
}

@article{isosteeple,
  author    = {Katherine Duke},
  title     = {Let's hear it for SoundFest},
  journaltitle = {Amherst College},
  date  = {3/3/2013},
  url = {https://www.amherst.edu/news/campusbuzz/node/462685}
}

@misc{github,
  author = {Mark Santolucito},
  title = {Euterpea Projects},
  year = {2016},
  publisher = {GitHub},
  journal = {GitHub repository},
  howpublished = {\url{https://github.com/santolucito/Euterpea_Projects/tree/master/QuantumArt}}
}

@inproceedings{pldi,
  author = {Bernd Finkbeiner and Felix Klein and Ruzica Piskac and Mark Santolucito},
  title = {Synthesizing Functional Reactive Programs},
  year = {2016},
  publisher = {Under Submission - Draft available on request}
}
